%YAML 1.1
%TAG !u! tag:unity3d.com,2011:
--- !u!29 &1
OcclusionCullingSettings:
  m_ObjectHideFlags: 0
  serializedVersion: 2
  m_OcclusionBakeSettings:
    smallestOccluder: 5
    smallestHole: 0.25
    backfaceThreshold: 100
  m_SceneGUID: 00000000000000000000000000000000
  m_OcclusionCullingData: {fileID: 0}
--- !u!104 &2
RenderSettings:
  m_ObjectHideFlags: 0
  serializedVersion: 8
  m_Fog: 0
  m_FogColor: {r: 0.5, g: 0.5, b: 0.5, a: 1}
  m_FogMode: 3
  m_FogDensity: 0.01
  m_LinearFogStart: 0
  m_LinearFogEnd: 300
  m_AmbientSkyColor: {r: 0.212, g: 0.227, b: 0.259, a: 1}
  m_AmbientEquatorColor: {r: 0.114, g: 0.125, b: 0.133, a: 1}
  m_AmbientGroundColor: {r: 0.047, g: 0.043, b: 0.035, a: 1}
  m_AmbientIntensity: 1
  m_AmbientMode: 3
  m_SubtractiveShadowColor: {r: 0.42, g: 0.478, b: 0.627, a: 1}
  m_SkyboxMaterial: {fileID: 0}
  m_HaloStrength: 0.5
  m_FlareStrength: 1
  m_FlareFadeSpeed: 3
  m_HaloTexture: {fileID: 0}
  m_SpotCookie: {fileID: 10001, guid: 0000000000000000e000000000000000, type: 0}
  m_DefaultReflectionMode: 0
  m_DefaultReflectionResolution: 128
  m_ReflectionBounces: 1
  m_ReflectionIntensity: 1
  m_CustomReflection: {fileID: 0}
  m_Sun: {fileID: 0}
  m_IndirectSpecularColor: {r: 0, g: 0, b: 0, a: 1}
--- !u!157 &3
LightmapSettings:
  m_ObjectHideFlags: 0
  serializedVersion: 9
  m_GIWorkflowMode: 1
  m_GISettings:
    serializedVersion: 2
    m_BounceScale: 1
    m_IndirectOutputScale: 1
    m_AlbedoBoost: 1
    m_TemporalCoherenceThreshold: 1
    m_EnvironmentLightingMode: 0
    m_EnableBakedLightmaps: 0
    m_EnableRealtimeLightmaps: 0
  m_LightmapEditorSettings:
    serializedVersion: 8
    m_Resolution: 2
    m_BakeResolution: 40
    m_TextureWidth: 1024
    m_TextureHeight: 1024
    m_AO: 0
    m_AOMaxDistance: 1
    m_CompAOExponent: 1
    m_CompAOExponentDirect: 0
    m_Padding: 2
    m_LightmapParameters: {fileID: 0}
    m_LightmapsBakeMode: 1
    m_TextureCompression: 1
    m_FinalGather: 0
    m_FinalGatherFiltering: 1
    m_FinalGatherRayCount: 256
    m_ReflectionCompression: 2
    m_MixedBakeMode: 3
    m_BakeBackend: 0
    m_PVRSampling: 1
    m_PVRDirectSampleCount: 32
    m_PVRSampleCount: 500
    m_PVRBounces: 2
    m_PVRFiltering: 0
    m_PVRFilteringMode: 1
    m_PVRCulling: 1
    m_PVRFilteringGaussRadiusDirect: 1
    m_PVRFilteringGaussRadiusIndirect: 5
    m_PVRFilteringGaussRadiusAO: 2
    m_PVRFilteringAtrousColorSigma: 1
    m_PVRFilteringAtrousNormalSigma: 1
    m_PVRFilteringAtrousPositionSigma: 1
  m_LightingDataAsset: {fileID: 0}
  m_ShadowMaskMode: 2
--- !u!196 &4
NavMeshSettings:
  serializedVersion: 2
  m_ObjectHideFlags: 0
  m_BuildSettings:
    serializedVersion: 2
    agentTypeID: 0
    agentRadius: 0.5
    agentHeight: 2
    agentSlope: 45
    agentClimb: 0.4
    ledgeDropHeight: 0
    maxJumpAcrossDistance: 0
    minRegionArea: 2
    manualCellSize: 0
    cellSize: 0.16666667
    manualTileSize: 0
    tileSize: 256
    accuratePlacement: 0
  m_NavMeshData: {fileID: 0}
--- !u!1 &15872482
GameObject:
  m_ObjectHideFlags: 0
  m_PrefabParentObject: {fileID: 0}
  m_PrefabInternal: {fileID: 0}
  serializedVersion: 5
  m_Component:
  - component: {fileID: 15872485}
  - component: {fileID: 15872484}
  - component: {fileID: 15872483}
  m_Layer: 0
  m_Name: EventSystem
  m_TagString: Untagged
  m_Icon: {fileID: 0}
  m_NavMeshLayer: 0
  m_StaticEditorFlags: 0
  m_IsActive: 1
--- !u!114 &15872483
MonoBehaviour:
  m_ObjectHideFlags: 0
  m_PrefabParentObject: {fileID: 0}
  m_PrefabInternal: {fileID: 0}
  m_GameObject: {fileID: 15872482}
  m_Enabled: 1
  m_EditorHideFlags: 0
  m_Script: {fileID: 1077351063, guid: f70555f144d8491a825f0804e09c671c, type: 3}
  m_Name: 
  m_EditorClassIdentifier: 
  m_HorizontalAxis: Horizontal
  m_VerticalAxis: Vertical
  m_SubmitButton: Submit
  m_CancelButton: Cancel
  m_InputActionsPerSecond: 10
  m_RepeatDelay: 0.5
  m_ForceModuleActive: 0
--- !u!114 &15872484
MonoBehaviour:
  m_ObjectHideFlags: 0
  m_PrefabParentObject: {fileID: 0}
  m_PrefabInternal: {fileID: 0}
  m_GameObject: {fileID: 15872482}
  m_Enabled: 1
  m_EditorHideFlags: 0
  m_Script: {fileID: -619905303, guid: f70555f144d8491a825f0804e09c671c, type: 3}
  m_Name: 
  m_EditorClassIdentifier: 
  m_FirstSelected: {fileID: 0}
  m_sendNavigationEvents: 1
  m_DragThreshold: 5
--- !u!4 &15872485
Transform:
  m_ObjectHideFlags: 0
  m_PrefabParentObject: {fileID: 0}
  m_PrefabInternal: {fileID: 0}
  m_GameObject: {fileID: 15872482}
  m_LocalRotation: {x: 0, y: 0, z: 0, w: 1}
  m_LocalPosition: {x: 0, y: 0, z: 0}
  m_LocalScale: {x: 1, y: 1, z: 1}
  m_Children: []
  m_Father: {fileID: 0}
  m_RootOrder: 5
  m_LocalEulerAnglesHint: {x: 0, y: 0, z: 0}
--- !u!1 &259970057
GameObject:
  m_ObjectHideFlags: 0
  m_PrefabParentObject: {fileID: 0}
  m_PrefabInternal: {fileID: 0}
  serializedVersion: 5
  m_Component:
  - component: {fileID: 259970058}
  - component: {fileID: 259970060}
  - component: {fileID: 259970059}
  m_Layer: 5
  m_Name: Item
  m_TagString: Untagged
  m_Icon: {fileID: 0}
  m_NavMeshLayer: 0
  m_StaticEditorFlags: 0
  m_IsActive: 1
--- !u!224 &259970058
RectTransform:
  m_ObjectHideFlags: 0
  m_PrefabParentObject: {fileID: 0}
  m_PrefabInternal: {fileID: 0}
  m_GameObject: {fileID: 259970057}
  m_LocalRotation: {x: -0, y: -0, z: -0, w: 1}
  m_LocalPosition: {x: 0, y: 0, z: 0}
  m_LocalScale: {x: 1, y: 1, z: 1}
  m_Children: []
  m_Father: {fileID: 596950775}
  m_RootOrder: 0
  m_LocalEulerAnglesHint: {x: 0, y: 0, z: 0}
  m_AnchorMin: {x: 0.5, y: 0.5}
  m_AnchorMax: {x: 0.5, y: 0.5}
  m_AnchoredPosition: {x: 2.5, y: 2.5}
  m_SizeDelta: {x: 45, y: 45}
  m_Pivot: {x: 0.5, y: 0.5}
--- !u!114 &259970059
MonoBehaviour:
  m_ObjectHideFlags: 0
  m_PrefabParentObject: {fileID: 0}
  m_PrefabInternal: {fileID: 0}
  m_GameObject: {fileID: 259970057}
  m_Enabled: 1
  m_EditorHideFlags: 0
  m_Script: {fileID: -765806418, guid: f70555f144d8491a825f0804e09c671c, type: 3}
  m_Name: 
  m_EditorClassIdentifier: 
  m_Material: {fileID: 0}
  m_Color: {r: 1, g: 1, b: 1, a: 1}
  m_RaycastTarget: 1
  m_OnCullStateChanged:
    m_PersistentCalls:
      m_Calls: []
    m_TypeName: UnityEngine.UI.MaskableGraphic+CullStateChangedEvent, UnityEngine.UI,
      Version=1.0.0.0, Culture=neutral, PublicKeyToken=null
  m_Sprite: {fileID: 21300008, guid: 2f4a47244a7bc7b4e9c73573c0431a40, type: 3}
  m_Type: 0
  m_PreserveAspect: 1
  m_FillCenter: 1
  m_FillMethod: 4
  m_FillAmount: 1
  m_FillClockwise: 1
  m_FillOrigin: 0
--- !u!222 &259970060
CanvasRenderer:
  m_ObjectHideFlags: 0
  m_PrefabParentObject: {fileID: 0}
  m_PrefabInternal: {fileID: 0}
  m_GameObject: {fileID: 259970057}
--- !u!1 &506058747
GameObject:
  m_ObjectHideFlags: 0
  m_PrefabParentObject: {fileID: 0}
  m_PrefabInternal: {fileID: 0}
  serializedVersion: 5
  m_Component:
  - component: {fileID: 506058748}
  - component: {fileID: 506058750}
  - component: {fileID: 506058749}
  m_Layer: 5
  m_Name: SlotArrowKeys
  m_TagString: Untagged
  m_Icon: {fileID: 0}
  m_NavMeshLayer: 0
  m_StaticEditorFlags: 0
  m_IsActive: 1
--- !u!224 &506058748
RectTransform:
  m_ObjectHideFlags: 0
  m_PrefabParentObject: {fileID: 0}
  m_PrefabInternal: {fileID: 0}
  m_GameObject: {fileID: 506058747}
  m_LocalRotation: {x: -0, y: -0, z: -0, w: 1}
  m_LocalPosition: {x: 0, y: 0, z: 0}
  m_LocalScale: {x: 1, y: 1, z: 1}
  m_Children:
  - {fileID: 1122664204}
  m_Father: {fileID: 1877454846}
  m_RootOrder: 3
  m_LocalEulerAnglesHint: {x: 0, y: 0, z: 0}
  m_AnchorMin: {x: 1, y: 1}
  m_AnchorMax: {x: 1, y: 1}
  m_AnchoredPosition: {x: -91, y: -8}
  m_SizeDelta: {x: 100, y: 100}
  m_Pivot: {x: 1, y: 1}
--- !u!114 &506058749
MonoBehaviour:
  m_ObjectHideFlags: 0
  m_PrefabParentObject: {fileID: 0}
  m_PrefabInternal: {fileID: 0}
  m_GameObject: {fileID: 506058747}
  m_Enabled: 1
  m_EditorHideFlags: 0
  m_Script: {fileID: -765806418, guid: f70555f144d8491a825f0804e09c671c, type: 3}
  m_Name: 
  m_EditorClassIdentifier: 
  m_Material: {fileID: 0}
  m_Color: {r: 1, g: 1, b: 1, a: 1}
  m_RaycastTarget: 1
  m_OnCullStateChanged:
    m_PersistentCalls:
      m_Calls: []
    m_TypeName: UnityEngine.UI.MaskableGraphic+CullStateChangedEvent, UnityEngine.UI,
      Version=1.0.0.0, Culture=neutral, PublicKeyToken=null
  m_Sprite: {fileID: 21300000, guid: 06608ebcb257b4d419125a61909f7e5b, type: 3}
  m_Type: 0
  m_PreserveAspect: 1
  m_FillCenter: 1
  m_FillMethod: 4
  m_FillAmount: 1
  m_FillClockwise: 1
  m_FillOrigin: 0
--- !u!222 &506058750
CanvasRenderer:
  m_ObjectHideFlags: 0
  m_PrefabParentObject: {fileID: 0}
  m_PrefabInternal: {fileID: 0}
  m_GameObject: {fileID: 506058747}
--- !u!1 &594789042
GameObject:
  m_ObjectHideFlags: 0
  m_PrefabParentObject: {fileID: 0}
  m_PrefabInternal: {fileID: 0}
  serializedVersion: 5
  m_Component:
  - component: {fileID: 594789043}
  - component: {fileID: 594789045}
  - component: {fileID: 594789044}
  m_Layer: 0
  m_Name: SoundManager
  m_TagString: Untagged
  m_Icon: {fileID: 0}
  m_NavMeshLayer: 0
  m_StaticEditorFlags: 0
  m_IsActive: 1
--- !u!4 &594789043
Transform:
  m_ObjectHideFlags: 0
  m_PrefabParentObject: {fileID: 0}
  m_PrefabInternal: {fileID: 0}
  m_GameObject: {fileID: 594789042}
  m_LocalRotation: {x: 0, y: 0, z: 0, w: 1}
  m_LocalPosition: {x: 0, y: 0, z: 0}
  m_LocalScale: {x: 1, y: 1, z: 1}
  m_Children: []
  m_Father: {fileID: 2092721145}
  m_RootOrder: 2
  m_LocalEulerAnglesHint: {x: 0, y: 0, z: 0}
--- !u!82 &594789044
AudioSource:
  m_ObjectHideFlags: 0
  m_PrefabParentObject: {fileID: 0}
  m_PrefabInternal: {fileID: 0}
  m_GameObject: {fileID: 594789042}
  m_Enabled: 1
  serializedVersion: 4
  OutputAudioMixerGroup: {fileID: 0}
  m_audioClip: {fileID: 0}
  m_PlayOnAwake: 1
  m_Volume: 1
  m_Pitch: 1
  Loop: 0
  Mute: 0
  Spatialize: 0
  SpatializePostEffects: 0
  Priority: 128
  DopplerLevel: 1
  MinDistance: 1
  MaxDistance: 500
  Pan2D: 0
  rolloffMode: 0
  BypassEffects: 0
  BypassListenerEffects: 0
  BypassReverbZones: 0
  rolloffCustomCurve:
    serializedVersion: 2
    m_Curve:
    - serializedVersion: 2
      time: 0
      value: 1
      inSlope: 0
      outSlope: 0
      tangentMode: 0
    - serializedVersion: 2
      time: 1
      value: 0
      inSlope: 0
      outSlope: 0
      tangentMode: 0
    m_PreInfinity: 2
    m_PostInfinity: 2
    m_RotationOrder: 4
  panLevelCustomCurve:
    serializedVersion: 2
    m_Curve:
    - serializedVersion: 2
      time: 0
      value: 0
      inSlope: 0
      outSlope: 0
      tangentMode: 0
    m_PreInfinity: 2
    m_PostInfinity: 2
    m_RotationOrder: 0
  spreadCustomCurve:
    serializedVersion: 2
    m_Curve:
    - serializedVersion: 2
      time: 0
      value: 0
      inSlope: 0
      outSlope: 0
      tangentMode: 0
    m_PreInfinity: 2
    m_PostInfinity: 2
    m_RotationOrder: 4
  reverbZoneMixCustomCurve:
    serializedVersion: 2
    m_Curve:
    - serializedVersion: 2
      time: 0
      value: 1
      inSlope: 0
      outSlope: 0
      tangentMode: 0
    m_PreInfinity: 2
    m_PostInfinity: 2
    m_RotationOrder: 0
--- !u!114 &594789045
MonoBehaviour:
  m_ObjectHideFlags: 0
  m_PrefabParentObject: {fileID: 0}
  m_PrefabInternal: {fileID: 0}
  m_GameObject: {fileID: 594789042}
  m_Enabled: 1
  m_EditorHideFlags: 0
  m_Script: {fileID: 11500000, guid: b041dc7d5e51ad946bd372b2619c00d2, type: 3}
  m_Name: 
  m_EditorClassIdentifier: 
  plainClips:
  - {fileID: 8300000, guid: ceea5fea8d794f94bad671776166bf12, type: 3}
  villageClips:
  - {fileID: 8300000, guid: 03c405ae843da254e85814a27c270350, type: 3}
  forestClips:
  - {fileID: 8300000, guid: fa06361433e2c184588a97949c581d90, type: 3}
  musicSource: {fileID: 594789044}
--- !u!1 &596950774
GameObject:
  m_ObjectHideFlags: 0
  m_PrefabParentObject: {fileID: 0}
  m_PrefabInternal: {fileID: 0}
  serializedVersion: 5
  m_Component:
  - component: {fileID: 596950775}
  - component: {fileID: 596950777}
  - component: {fileID: 596950776}
  m_Layer: 5
  m_Name: SlotQ
  m_TagString: Untagged
  m_Icon: {fileID: 0}
  m_NavMeshLayer: 0
  m_StaticEditorFlags: 0
  m_IsActive: 1
--- !u!224 &596950775
RectTransform:
  m_ObjectHideFlags: 0
  m_PrefabParentObject: {fileID: 0}
  m_PrefabInternal: {fileID: 0}
  m_GameObject: {fileID: 596950774}
  m_LocalRotation: {x: 0, y: 0, z: 0, w: 1}
  m_LocalPosition: {x: 0, y: 0, z: 0}
  m_LocalScale: {x: 1, y: 1, z: 1}
  m_Children:
  - {fileID: 259970058}
  m_Father: {fileID: 1877454846}
  m_RootOrder: 2
  m_LocalEulerAnglesHint: {x: 0, y: 0, z: 0}
  m_AnchorMin: {x: 1, y: 1}
  m_AnchorMax: {x: 1, y: 1}
  m_AnchoredPosition: {x: -8, y: -91}
  m_SizeDelta: {x: 75, y: 75}
  m_Pivot: {x: 1, y: 1}
--- !u!114 &596950776
MonoBehaviour:
  m_ObjectHideFlags: 0
  m_PrefabParentObject: {fileID: 0}
  m_PrefabInternal: {fileID: 0}
  m_GameObject: {fileID: 596950774}
  m_Enabled: 1
  m_EditorHideFlags: 0
  m_Script: {fileID: -765806418, guid: f70555f144d8491a825f0804e09c671c, type: 3}
  m_Name: 
  m_EditorClassIdentifier: 
  m_Material: {fileID: 0}
  m_Color: {r: 1, g: 1, b: 1, a: 1}
  m_RaycastTarget: 1
  m_OnCullStateChanged:
    m_PersistentCalls:
      m_Calls: []
    m_TypeName: UnityEngine.UI.MaskableGraphic+CullStateChangedEvent, UnityEngine.UI,
      Version=1.0.0.0, Culture=neutral, PublicKeyToken=null
  m_Sprite: {fileID: 21300002, guid: 6999fe4c8aab2804a96428210766b5be, type: 3}
  m_Type: 0
  m_PreserveAspect: 1
  m_FillCenter: 1
  m_FillMethod: 4
  m_FillAmount: 1
  m_FillClockwise: 1
  m_FillOrigin: 0
--- !u!222 &596950777
CanvasRenderer:
  m_ObjectHideFlags: 0
  m_PrefabParentObject: {fileID: 0}
  m_PrefabInternal: {fileID: 0}
  m_GameObject: {fileID: 596950774}
--- !u!1 &745668113
GameObject:
  m_ObjectHideFlags: 0
  m_PrefabParentObject: {fileID: 0}
  m_PrefabInternal: {fileID: 0}
  serializedVersion: 5
  m_Component:
  - component: {fileID: 745668114}
  - component: {fileID: 745668115}
  m_Layer: 0
  m_Name: GameObjectManager
  m_TagString: Untagged
  m_Icon: {fileID: 0}
  m_NavMeshLayer: 0
  m_StaticEditorFlags: 0
  m_IsActive: 1
--- !u!4 &745668114
Transform:
  m_ObjectHideFlags: 0
  m_PrefabParentObject: {fileID: 0}
  m_PrefabInternal: {fileID: 0}
  m_GameObject: {fileID: 745668113}
  m_LocalRotation: {x: 0, y: 0, z: 0, w: 1}
  m_LocalPosition: {x: 0, y: 0, z: 0}
  m_LocalScale: {x: 1, y: 1, z: 1}
  m_Children: []
  m_Father: {fileID: 2092721145}
  m_RootOrder: 0
  m_LocalEulerAnglesHint: {x: 0, y: 0, z: 0}
--- !u!114 &745668115
MonoBehaviour:
  m_ObjectHideFlags: 0
  m_PrefabParentObject: {fileID: 0}
  m_PrefabInternal: {fileID: 0}
  m_GameObject: {fileID: 745668113}
  m_Enabled: 1
  m_EditorHideFlags: 0
  m_Script: {fileID: 11500000, guid: d894a5552abc35943b5ae4acd8d0b418, type: 3}
  m_Name: 
  m_EditorClassIdentifier: 
  grassSprites:
  - {fileID: 21300366, guid: 153ef80932ac21740a5d52b24e2fc5d3, type: 3}
  - {fileID: 21300412, guid: 153ef80932ac21740a5d52b24e2fc5d3, type: 3}
  - {fileID: 21300414, guid: 153ef80932ac21740a5d52b24e2fc5d3, type: 3}
  - {fileID: 21300416, guid: 153ef80932ac21740a5d52b24e2fc5d3, type: 3}
  - {fileID: 21300466, guid: 153ef80932ac21740a5d52b24e2fc5d3, type: 3}
  - {fileID: 21300470, guid: 153ef80932ac21740a5d52b24e2fc5d3, type: 3}
  - {fileID: 21300520, guid: 153ef80932ac21740a5d52b24e2fc5d3, type: 3}
  - {fileID: 21300522, guid: 153ef80932ac21740a5d52b24e2fc5d3, type: 3}
  - {fileID: 21300524, guid: 153ef80932ac21740a5d52b24e2fc5d3, type: 3}
  - {fileID: 21300368, guid: 153ef80932ac21740a5d52b24e2fc5d3, type: 3}
  - {fileID: 21300468, guid: 153ef80932ac21740a5d52b24e2fc5d3, type: 3}
  bushSprites:
  - {fileID: 21300486, guid: 153ef80932ac21740a5d52b24e2fc5d3, type: 3}
  - {fileID: 21300148, guid: 153ef80932ac21740a5d52b24e2fc5d3, type: 3}
  flowerSprites:
  - {fileID: 21300582, guid: 153ef80932ac21740a5d52b24e2fc5d3, type: 3}
  - {fileID: 21300634, guid: 153ef80932ac21740a5d52b24e2fc5d3, type: 3}
  - {fileID: 21300636, guid: 153ef80932ac21740a5d52b24e2fc5d3, type: 3}
  - {fileID: 21300638, guid: 153ef80932ac21740a5d52b24e2fc5d3, type: 3}
  - {fileID: 21300688, guid: 153ef80932ac21740a5d52b24e2fc5d3, type: 3}
  - {fileID: 21300692, guid: 153ef80932ac21740a5d52b24e2fc5d3, type: 3}
  - {fileID: 21300742, guid: 153ef80932ac21740a5d52b24e2fc5d3, type: 3}
  - {fileID: 21300744, guid: 153ef80932ac21740a5d52b24e2fc5d3, type: 3}
  - {fileID: 21300746, guid: 153ef80932ac21740a5d52b24e2fc5d3, type: 3}
  - {fileID: 21300374, guid: 153ef80932ac21740a5d52b24e2fc5d3, type: 3}
  - {fileID: 21300424, guid: 153ef80932ac21740a5d52b24e2fc5d3, type: 3}
  - {fileID: 21300426, guid: 153ef80932ac21740a5d52b24e2fc5d3, type: 3}
  - {fileID: 21300428, guid: 153ef80932ac21740a5d52b24e2fc5d3, type: 3}
  - {fileID: 21300478, guid: 153ef80932ac21740a5d52b24e2fc5d3, type: 3}
  - {fileID: 21300482, guid: 153ef80932ac21740a5d52b24e2fc5d3, type: 3}
  - {fileID: 21300532, guid: 153ef80932ac21740a5d52b24e2fc5d3, type: 3}
  - {fileID: 21300534, guid: 153ef80932ac21740a5d52b24e2fc5d3, type: 3}
  - {fileID: 21300536, guid: 153ef80932ac21740a5d52b24e2fc5d3, type: 3}
  seaSprites:
  - {fileID: 21300176, guid: 153ef80932ac21740a5d52b24e2fc5d3, type: 3}
  - {fileID: 21300178, guid: 153ef80932ac21740a5d52b24e2fc5d3, type: 3}
  - {fileID: 21300180, guid: 153ef80932ac21740a5d52b24e2fc5d3, type: 3}
  rockSprites:
  - {fileID: 21300548, guid: 153ef80932ac21740a5d52b24e2fc5d3, type: 3}
  - {fileID: 21300756, guid: 153ef80932ac21740a5d52b24e2fc5d3, type: 3}
  treeSprites:
  - {fileID: 21300216, guid: 153ef80932ac21740a5d52b24e2fc5d3, type: 3}
  - {fileID: 21300218, guid: 153ef80932ac21740a5d52b24e2fc5d3, type: 3}
  - {fileID: 21300220, guid: 153ef80932ac21740a5d52b24e2fc5d3, type: 3}
  - {fileID: 21300222, guid: 153ef80932ac21740a5d52b24e2fc5d3, type: 3}
  - {fileID: 21300264, guid: 153ef80932ac21740a5d52b24e2fc5d3, type: 3}
  - {fileID: 21300266, guid: 153ef80932ac21740a5d52b24e2fc5d3, type: 3}
  - {fileID: 21300268, guid: 153ef80932ac21740a5d52b24e2fc5d3, type: 3}
  - {fileID: 21300270, guid: 153ef80932ac21740a5d52b24e2fc5d3, type: 3}
  - {fileID: 21300312, guid: 153ef80932ac21740a5d52b24e2fc5d3, type: 3}
  - {fileID: 21300314, guid: 153ef80932ac21740a5d52b24e2fc5d3, type: 3}
  - {fileID: 21300316, guid: 153ef80932ac21740a5d52b24e2fc5d3, type: 3}
  - {fileID: 21300318, guid: 153ef80932ac21740a5d52b24e2fc5d3, type: 3}
  - {fileID: 21300358, guid: 153ef80932ac21740a5d52b24e2fc5d3, type: 3}
  - {fileID: 21300360, guid: 153ef80932ac21740a5d52b24e2fc5d3, type: 3}
  - {fileID: 21300362, guid: 153ef80932ac21740a5d52b24e2fc5d3, type: 3}
  - {fileID: 21300364, guid: 153ef80932ac21740a5d52b24e2fc5d3, type: 3}
  - {fileID: 21300404, guid: 153ef80932ac21740a5d52b24e2fc5d3, type: 3}
  - {fileID: 21300406, guid: 153ef80932ac21740a5d52b24e2fc5d3, type: 3}
  - {fileID: 21300408, guid: 153ef80932ac21740a5d52b24e2fc5d3, type: 3}
  - {fileID: 21300410, guid: 153ef80932ac21740a5d52b24e2fc5d3, type: 3}
  - {fileID: 21300036, guid: 153ef80932ac21740a5d52b24e2fc5d3, type: 3}
  - {fileID: 21300082, guid: 153ef80932ac21740a5d52b24e2fc5d3, type: 3}
  - {fileID: 21300124, guid: 153ef80932ac21740a5d52b24e2fc5d3, type: 3}
  - {fileID: 21300166, guid: 153ef80932ac21740a5d52b24e2fc5d3, type: 3}
  slabSprites:
  - {fileID: 21300244, guid: 11ee8e25338318d4a9f11b5e3c06afc6, type: 3}
  - {fileID: 21300162, guid: 11ee8e25338318d4a9f11b5e3c06afc6, type: 3}
  - {fileID: 21300164, guid: 11ee8e25338318d4a9f11b5e3c06afc6, type: 3}
  - {fileID: 21300166, guid: 11ee8e25338318d4a9f11b5e3c06afc6, type: 3}
  - {fileID: 21300168, guid: 11ee8e25338318d4a9f11b5e3c06afc6, type: 3}
  - {fileID: 21300202, guid: 11ee8e25338318d4a9f11b5e3c06afc6, type: 3}
  - {fileID: 21300204, guid: 11ee8e25338318d4a9f11b5e3c06afc6, type: 3}
  - {fileID: 21300206, guid: 11ee8e25338318d4a9f11b5e3c06afc6, type: 3}
  - {fileID: 21300208, guid: 11ee8e25338318d4a9f11b5e3c06afc6, type: 3}
  ancientSlabSprites:
  - {fileID: 21300322, guid: 11ee8e25338318d4a9f11b5e3c06afc6, type: 3}
  firepostSprites:
  - {fileID: 21300148, guid: 11ee8e25338318d4a9f11b5e3c06afc6, type: 3}
  - {fileID: 21300188, guid: 11ee8e25338318d4a9f11b5e3c06afc6, type: 3}
  - {fileID: 21300230, guid: 11ee8e25338318d4a9f11b5e3c06afc6, type: 3}
  - {fileID: 21300272, guid: 11ee8e25338318d4a9f11b5e3c06afc6, type: 3}
  wallBottomSprites:
  - {fileID: 21300326, guid: 11ee8e25338318d4a9f11b5e3c06afc6, type: 3}
  - {fileID: 21300328, guid: 11ee8e25338318d4a9f11b5e3c06afc6, type: 3}
  - {fileID: 21300330, guid: 11ee8e25338318d4a9f11b5e3c06afc6, type: 3}
  - {fileID: 21300332, guid: 11ee8e25338318d4a9f11b5e3c06afc6, type: 3}
  - {fileID: 21300380, guid: 11ee8e25338318d4a9f11b5e3c06afc6, type: 3}
  - {fileID: 21300428, guid: 11ee8e25338318d4a9f11b5e3c06afc6, type: 3}
  - {fileID: 21300482, guid: 11ee8e25338318d4a9f11b5e3c06afc6, type: 3}
  - {fileID: 21300480, guid: 11ee8e25338318d4a9f11b5e3c06afc6, type: 3}
  - {fileID: 21300478, guid: 11ee8e25338318d4a9f11b5e3c06afc6, type: 3}
  - {fileID: 21300476, guid: 11ee8e25338318d4a9f11b5e3c06afc6, type: 3}
  - {fileID: 21300422, guid: 11ee8e25338318d4a9f11b5e3c06afc6, type: 3}
  - {fileID: 21300374, guid: 11ee8e25338318d4a9f11b5e3c06afc6, type: 3}
  - {fileID: 21300240, guid: 11ee8e25338318d4a9f11b5e3c06afc6, type: 3}
  - {fileID: 21300238, guid: 11ee8e25338318d4a9f11b5e3c06afc6, type: 3}
  - {fileID: 21300196, guid: 11ee8e25338318d4a9f11b5e3c06afc6, type: 3}
  - {fileID: 21300198, guid: 11ee8e25338318d4a9f11b5e3c06afc6, type: 3}
  - {fileID: 21300088, guid: 11ee8e25338318d4a9f11b5e3c06afc6, type: 3}
  - {fileID: 21300010, guid: 11ee8e25338318d4a9f11b5e3c06afc6, type: 3}
  - {fileID: 21300052, guid: 11ee8e25338318d4a9f11b5e3c06afc6, type: 3}
  - {fileID: 21300004, guid: 11ee8e25338318d4a9f11b5e3c06afc6, type: 3}
  - {fileID: 21300090, guid: 11ee8e25338318d4a9f11b5e3c06afc6, type: 3}
  - {fileID: 21300050, guid: 11ee8e25338318d4a9f11b5e3c06afc6, type: 3}
  - {fileID: 21300054, guid: 11ee8e25338318d4a9f11b5e3c06afc6, type: 3}
  - {fileID: 21300044, guid: 11ee8e25338318d4a9f11b5e3c06afc6, type: 3}
  - {fileID: 21300092, guid: 11ee8e25338318d4a9f11b5e3c06afc6, type: 3}
  - {fileID: 21300086, guid: 11ee8e25338318d4a9f11b5e3c06afc6, type: 3}
  - {fileID: 21300056, guid: 11ee8e25338318d4a9f11b5e3c06afc6, type: 3}
  - {fileID: 21300080, guid: 11ee8e25338318d4a9f11b5e3c06afc6, type: 3}
  wallTopSprites:
  - {fileID: 21300376, guid: 11ee8e25338318d4a9f11b5e3c06afc6, type: 3}
  - {fileID: 21300378, guid: 11ee8e25338318d4a9f11b5e3c06afc6, type: 3}
  - {fileID: 21300426, guid: 11ee8e25338318d4a9f11b5e3c06afc6, type: 3}
  - {fileID: 21300424, guid: 11ee8e25338318d4a9f11b5e3c06afc6, type: 3}
  - {fileID: 21300154, guid: 11ee8e25338318d4a9f11b5e3c06afc6, type: 3}
  - {fileID: 21300156, guid: 11ee8e25338318d4a9f11b5e3c06afc6, type: 3}
  - {fileID: 21300158, guid: 11ee8e25338318d4a9f11b5e3c06afc6, type: 3}
  - {fileID: 21300160, guid: 11ee8e25338318d4a9f11b5e3c06afc6, type: 3}
  - {fileID: 21300200, guid: 11ee8e25338318d4a9f11b5e3c06afc6, type: 3}
  - {fileID: 21300242, guid: 11ee8e25338318d4a9f11b5e3c06afc6, type: 3}
  - {fileID: 21300284, guid: 11ee8e25338318d4a9f11b5e3c06afc6, type: 3}
  - {fileID: 21300282, guid: 11ee8e25338318d4a9f11b5e3c06afc6, type: 3}
  - {fileID: 21300280, guid: 11ee8e25338318d4a9f11b5e3c06afc6, type: 3}
  - {fileID: 21300278, guid: 11ee8e25338318d4a9f11b5e3c06afc6, type: 3}
  - {fileID: 21300236, guid: 11ee8e25338318d4a9f11b5e3c06afc6, type: 3}
  - {fileID: 21300194, guid: 11ee8e25338318d4a9f11b5e3c06afc6, type: 3}
  - {fileID: 21300124, guid: 11ee8e25338318d4a9f11b5e3c06afc6, type: 3}
  - {fileID: 21300008, guid: 11ee8e25338318d4a9f11b5e3c06afc6, type: 3}
  - {fileID: 21300012, guid: 11ee8e25338318d4a9f11b5e3c06afc6, type: 3}
  - {fileID: 21300006, guid: 11ee8e25338318d4a9f11b5e3c06afc6, type: 3}
  - {fileID: 21300126, guid: 11ee8e25338318d4a9f11b5e3c06afc6, type: 3}
  - {fileID: 21300048, guid: 11ee8e25338318d4a9f11b5e3c06afc6, type: 3}
  - {fileID: 21300014, guid: 11ee8e25338318d4a9f11b5e3c06afc6, type: 3}
  - {fileID: 21300046, guid: 11ee8e25338318d4a9f11b5e3c06afc6, type: 3}
  - {fileID: 21300128, guid: 11ee8e25338318d4a9f11b5e3c06afc6, type: 3}
  - {fileID: 21300084, guid: 11ee8e25338318d4a9f11b5e3c06afc6, type: 3}
  - {fileID: 21300016, guid: 11ee8e25338318d4a9f11b5e3c06afc6, type: 3}
  - {fileID: 21300082, guid: 11ee8e25338318d4a9f11b5e3c06afc6, type: 3}
  cliffSingle: {fileID: 21300064, guid: 153ef80932ac21740a5d52b24e2fc5d3, type: 3}
  dark: {fileID: 21300484, guid: 153ef80932ac21740a5d52b24e2fc5d3, type: 3}
  heartPrefab: {fileID: 114247978270720620, guid: b30785b8f6859e248a06449521c27ec0,
    type: 2}
  tilePrefab: {fileID: 1116704021510104, guid: 6f7b8e96d0c222e46995189490186736, type: 2}
  topDecorationPrefab: {fileID: 1574036610290652, guid: 98ade88f7c6e9e749a9ca2a9af3771b8,
    type: 2}
  bottomDecorationPrefab: {fileID: 1319280258298454, guid: 9d2f631ffbea1f0479e7f4f24e13fe48,
    type: 2}
  blueHouseTopPrefab: {fileID: 1284804431754720, guid: 8ad0a9f47cbe8b1468b791dc05e4d97b,
    type: 2}
  blueHouseBottomPrefab: {fileID: 1655427371797386, guid: 07172f5c59e31974fadc3f4fc938b732,
    type: 2}
  treeTopPrefab: {fileID: 1767049260721408, guid: f6ef2ad753cd395488870886d5d2fee4,
    type: 2}
  treeBottomPrefab: {fileID: 1780853146283770, guid: 69ff5d8ce4dff074981d2b0e42d278c9,
    type: 2}
  mapParent: {fileID: 1862878675}
  playerPrefab: {fileID: 1838296650593772, guid: 8b7d36fc670b8ed47ab71b4866dd6c1a,
    type: 2}
  monsterPrefab: {fileID: 1258703660737394, guid: 883716140e7a2d242b8e50adfbf103e3,
    type: 2}
--- !u!1 &883321295
GameObject:
  m_ObjectHideFlags: 0
  m_PrefabParentObject: {fileID: 0}
  m_PrefabInternal: {fileID: 0}
  serializedVersion: 5
  m_Component:
  - component: {fileID: 883321296}
  - component: {fileID: 883321297}
  m_Layer: 5
  m_Name: Hearts
  m_TagString: Untagged
  m_Icon: {fileID: 0}
  m_NavMeshLayer: 0
  m_StaticEditorFlags: 0
  m_IsActive: 1
--- !u!224 &883321296
RectTransform:
  m_ObjectHideFlags: 0
  m_PrefabParentObject: {fileID: 0}
  m_PrefabInternal: {fileID: 0}
  m_GameObject: {fileID: 883321295}
  m_LocalRotation: {x: 0, y: 0, z: 0, w: 1}
  m_LocalPosition: {x: 0, y: 0, z: 0}
  m_LocalScale: {x: 1, y: 1, z: 1}
  m_Children: []
  m_Father: {fileID: 1877454846}
  m_RootOrder: 0
  m_LocalEulerAnglesHint: {x: 0, y: 0, z: 0}
  m_AnchorMin: {x: 0, y: 1}
  m_AnchorMax: {x: 0, y: 1}
  m_AnchoredPosition: {x: 0, y: 0}
  m_SizeDelta: {x: 400, y: 100}
  m_Pivot: {x: 0, y: 1}
--- !u!114 &883321297
MonoBehaviour:
  m_ObjectHideFlags: 0
  m_PrefabParentObject: {fileID: 0}
  m_PrefabInternal: {fileID: 0}
  m_GameObject: {fileID: 883321295}
  m_Enabled: 1
  m_EditorHideFlags: 0
  m_Script: {fileID: -2095666955, guid: f70555f144d8491a825f0804e09c671c, type: 3}
  m_Name: 
  m_EditorClassIdentifier: 
  m_Padding:
    m_Left: 8
    m_Right: 0
    m_Top: 8
    m_Bottom: 0
  m_ChildAlignment: 0
  m_StartCorner: 0
  m_StartAxis: 0
  m_CellSize: {x: 50, y: 50}
  m_Spacing: {x: 4, y: 0}
  m_Constraint: 0
  m_ConstraintCount: 2
--- !u!1 &1002508911
GameObject:
  m_ObjectHideFlags: 0
  m_PrefabParentObject: {fileID: 0}
  m_PrefabInternal: {fileID: 0}
  serializedVersion: 5
  m_Component:
  - component: {fileID: 1002508912}
  - component: {fileID: 1002508914}
  - component: {fileID: 1002508913}
  m_Layer: 5
  m_Name: SlotE
  m_TagString: Untagged
  m_Icon: {fileID: 0}
  m_NavMeshLayer: 0
  m_StaticEditorFlags: 0
  m_IsActive: 1
--- !u!224 &1002508912
RectTransform:
  m_ObjectHideFlags: 0
  m_PrefabParentObject: {fileID: 0}
  m_PrefabInternal: {fileID: 0}
  m_GameObject: {fileID: 1002508911}
  m_LocalRotation: {x: -0, y: -0, z: -0, w: 1}
  m_LocalPosition: {x: 0, y: 0, z: 0}
  m_LocalScale: {x: 1, y: 1, z: 1}
  m_Children:
  - {fileID: 1633297576}
  m_Father: {fileID: 1877454846}
  m_RootOrder: 1
  m_LocalEulerAnglesHint: {x: 0, y: 0, z: 0}
  m_AnchorMin: {x: 1, y: 1}
  m_AnchorMax: {x: 1, y: 1}
  m_AnchoredPosition: {x: -8, y: -8}
  m_SizeDelta: {x: 75, y: 75}
  m_Pivot: {x: 1, y: 1}
--- !u!114 &1002508913
MonoBehaviour:
  m_ObjectHideFlags: 0
  m_PrefabParentObject: {fileID: 0}
  m_PrefabInternal: {fileID: 0}
  m_GameObject: {fileID: 1002508911}
  m_Enabled: 1
  m_EditorHideFlags: 0
  m_Script: {fileID: -765806418, guid: f70555f144d8491a825f0804e09c671c, type: 3}
  m_Name: 
  m_EditorClassIdentifier: 
  m_Material: {fileID: 0}
  m_Color: {r: 1, g: 1, b: 1, a: 1}
  m_RaycastTarget: 1
  m_OnCullStateChanged:
    m_PersistentCalls:
      m_Calls: []
    m_TypeName: UnityEngine.UI.MaskableGraphic+CullStateChangedEvent, UnityEngine.UI,
      Version=1.0.0.0, Culture=neutral, PublicKeyToken=null
  m_Sprite: {fileID: 21300002, guid: 35376bf278b010c4aac6b49ba898c52a, type: 3}
  m_Type: 0
  m_PreserveAspect: 1
  m_FillCenter: 1
  m_FillMethod: 4
  m_FillAmount: 1
  m_FillClockwise: 1
  m_FillOrigin: 0
--- !u!222 &1002508914
CanvasRenderer:
  m_ObjectHideFlags: 0
  m_PrefabParentObject: {fileID: 0}
  m_PrefabInternal: {fileID: 0}
  m_GameObject: {fileID: 1002508911}
--- !u!1 &1031726195
GameObject:
  m_ObjectHideFlags: 0
  m_PrefabParentObject: {fileID: 0}
  m_PrefabInternal: {fileID: 0}
  serializedVersion: 5
  m_Component:
  - component: {fileID: 1031726198}
  - component: {fileID: 1031726197}
  - component: {fileID: 1031726196}
  m_Layer: 0
  m_Name: 0014
  m_TagString: Untagged
  m_Icon: {fileID: 0}
  m_NavMeshLayer: 0
  m_StaticEditorFlags: 0
  m_IsActive: 1
--- !u!95 &1031726196
Animator:
  serializedVersion: 3
  m_ObjectHideFlags: 0
  m_PrefabParentObject: {fileID: 0}
  m_PrefabInternal: {fileID: 0}
  m_GameObject: {fileID: 1031726195}
  m_Enabled: 1
  m_Avatar: {fileID: 0}
  m_Controller: {fileID: 9100000, guid: 2e0192d165a193842bc2484d8614efb2, type: 2}
  m_CullingMode: 0
  m_UpdateMode: 0
  m_ApplyRootMotion: 0
  m_LinearVelocityBlending: 0
  m_WarningMessage: 
  m_HasTransformHierarchy: 1
  m_AllowConstantClipSamplingOptimization: 1
--- !u!212 &1031726197
SpriteRenderer:
  m_ObjectHideFlags: 0
  m_PrefabParentObject: {fileID: 0}
  m_PrefabInternal: {fileID: 0}
  m_GameObject: {fileID: 1031726195}
  m_Enabled: 1
  m_CastShadows: 0
  m_ReceiveShadows: 0
  m_MotionVectors: 1
  m_LightProbeUsage: 1
  m_ReflectionProbeUsage: 1
  m_Materials:
  - {fileID: 10754, guid: 0000000000000000f000000000000000, type: 0}
  m_StaticBatchInfo:
    firstSubMesh: 0
    subMeshCount: 0
  m_StaticBatchRoot: {fileID: 0}
  m_ProbeAnchor: {fileID: 0}
  m_LightProbeVolumeOverride: {fileID: 0}
  m_ScaleInLightmap: 1
  m_PreserveUVs: 0
  m_IgnoreNormalsForChartDetection: 0
  m_ImportantGI: 0
  m_SelectedEditorRenderState: 0
  m_MinimumChartSize: 4
  m_AutoUVMaxDistance: 0.5
  m_AutoUVMaxAngle: 89
  m_LightmapParameters: {fileID: 0}
  m_SortingLayerID: -682476765
  m_SortingLayer: 5
  m_SortingOrder: 0
  m_Sprite: {fileID: 21300000, guid: 1ceff5b3873521c4985402ca28c60175, type: 3}
  m_Color: {r: 1, g: 1, b: 1, a: 1}
  m_FlipX: 0
  m_FlipY: 0
  m_DrawMode: 0
  m_Size: {x: 9.18, y: 5.11}
  m_AdaptiveModeThreshold: 0.5
  m_SpriteTileMode: 0
--- !u!4 &1031726198
Transform:
  m_ObjectHideFlags: 0
  m_PrefabParentObject: {fileID: 0}
  m_PrefabInternal: {fileID: 0}
  m_GameObject: {fileID: 1031726195}
  m_LocalRotation: {x: 0, y: 0, z: 0, w: 1}
  m_LocalPosition: {x: -2.6310453, y: 0.30717748, z: 0}
  m_LocalScale: {x: 1, y: 1, z: 1}
  m_Children: []
  m_Father: {fileID: 0}
  m_RootOrder: 6
  m_LocalEulerAnglesHint: {x: 0, y: 0, z: 0}
--- !u!1 &1045102915
GameObject:
  m_ObjectHideFlags: 0
  m_PrefabParentObject: {fileID: 0}
  m_PrefabInternal: {fileID: 0}
  serializedVersion: 5
  m_Component:
  - component: {fileID: 1045102917}
  - component: {fileID: 1045102916}
  m_Layer: 8
  m_Name: Grounds
  m_TagString: Untagged
  m_Icon: {fileID: 0}
  m_NavMeshLayer: 0
  m_StaticEditorFlags: 0
  m_IsActive: 1
--- !u!114 &1045102916
MonoBehaviour:
  m_ObjectHideFlags: 0
  m_PrefabParentObject: {fileID: 0}
  m_PrefabInternal: {fileID: 0}
  m_GameObject: {fileID: 1045102915}
  m_Enabled: 1
  m_EditorHideFlags: 0
  m_Script: {fileID: 11500000, guid: d6ffc67ee38bd274b9a1233dc11732a2, type: 3}
  m_Name: 
  m_EditorClassIdentifier: 
  ForestRoomPremades:
  - {fileID: 21300000, guid: 03594c890a19cbc4e8b52497b4ed51e1, type: 3}
  - {fileID: 21300000, guid: 5cc4710ff25503949ad6dbe28a1ecbc2, type: 3}
  - {fileID: 21300000, guid: 2b68c16a37ccded40864f8c29902ac45, type: 3}
  - {fileID: 21300000, guid: fc1b48fbb729f22459bd8ad743127c1f, type: 3}
  - {fileID: 21300000, guid: e9a76733e9678394b941fbeaaec33f00, type: 3}
  - {fileID: 21300000, guid: 4d81eb2575f90824aa207ca2bf750d94, type: 3}
  - {fileID: 21300000, guid: 91ab47d6a62d72e45a7b776ca434cd26, type: 3}
  - {fileID: 21300000, guid: 03ea6302cacbd1e4f88cddee36dc0ee6, type: 3}
  - {fileID: 21300000, guid: 435eba0be963e3847adb044f47b00a99, type: 3}
  - {fileID: 21300000, guid: 8eff7262f4ad5e94c89e3a9b1965cd55, type: 3}
  - {fileID: 21300000, guid: 6a42f3416fbccd543aa49422e02cb901, type: 3}
  - {fileID: 21300000, guid: 4d5994a38afc7384e8424f42b0b0f7c0, type: 3}
  - {fileID: 21300000, guid: 9bb2f0e3dfefc4c4dbd00aa1b83e68b0, type: 3}
  - {fileID: 21300000, guid: 7f5e3498d9ead364dbce9f8db3da2281, type: 3}
  - {fileID: 21300000, guid: 5f085daf2b4a91b47a2cc9fa1eda56df, type: 3}
  - {fileID: 21300000, guid: 849d441bb4293e84a9511077fddc467f, type: 3}
  PlainRoomPremades:
  - {fileID: 21300000, guid: 43a354042a85f3d4e855e6fb87e197a3, type: 3}
  - {fileID: 21300000, guid: 43a354042a85f3d4e855e6fb87e197a3, type: 3}
  - {fileID: 21300000, guid: 43a354042a85f3d4e855e6fb87e197a3, type: 3}
  - {fileID: 21300000, guid: 01e8e805f66d5a148a912aa3a1398e74, type: 3}
  - {fileID: 21300000, guid: 43a354042a85f3d4e855e6fb87e197a3, type: 3}
  - {fileID: 21300000, guid: 3e3fad13e9144eb4ba4daf0c72c692fb, type: 3}
  - {fileID: 21300000, guid: 756da01e36e34a941afc6e0747d42039, type: 3}
  - {fileID: 21300000, guid: 43a354042a85f3d4e855e6fb87e197a3, type: 3}
  - {fileID: 21300000, guid: 43a354042a85f3d4e855e6fb87e197a3, type: 3}
  - {fileID: 21300000, guid: 9969d9e2f1756f64ab89af3df2cbdcea, type: 3}
  - {fileID: 21300000, guid: a1ad6c8939b6ca143b612fe75b22773c, type: 3}
  - {fileID: 21300000, guid: 43a354042a85f3d4e855e6fb87e197a3, type: 3}
  - {fileID: 21300000, guid: 7093ed75746b3654e94e02eb2a29b493, type: 3}
  - {fileID: 21300000, guid: 43a354042a85f3d4e855e6fb87e197a3, type: 3}
  - {fileID: 21300000, guid: 43a354042a85f3d4e855e6fb87e197a3, type: 3}
  - {fileID: 21300000, guid: 43a354042a85f3d4e855e6fb87e197a3, type: 3}
  - {fileID: 21300000, guid: 79147ce3c513bc94594fbd951eb3bd8e, type: 3}
  VillageRoomPremades: []
  width: 3c000000280000003c0000003c000000
  height: 3c000000280000003c0000003c000000
--- !u!4 &1045102917
Transform:
  m_ObjectHideFlags: 0
  m_PrefabParentObject: {fileID: 0}
  m_PrefabInternal: {fileID: 0}
  m_GameObject: {fileID: 1045102915}
  m_LocalRotation: {x: 0, y: 0, z: 0, w: 1}
  m_LocalPosition: {x: -0.027627295, y: -0.00043418852, z: 0}
  m_LocalScale: {x: 1, y: 1, z: 1}
  m_Children: []
  m_Father: {fileID: 0}
  m_RootOrder: 1
  m_LocalEulerAnglesHint: {x: 0, y: 0, z: 0}
--- !u!1 &1122664203
GameObject:
  m_ObjectHideFlags: 0
  m_PrefabParentObject: {fileID: 0}
  m_PrefabInternal: {fileID: 0}
  serializedVersion: 5
  m_Component:
  - component: {fileID: 1122664204}
  - component: {fileID: 1122664206}
  - component: {fileID: 1122664205}
  m_Layer: 5
  m_Name: Item
  m_TagString: Untagged
  m_Icon: {fileID: 0}
  m_NavMeshLayer: 0
  m_StaticEditorFlags: 0
  m_IsActive: 1
--- !u!224 &1122664204
RectTransform:
  m_ObjectHideFlags: 0
  m_PrefabParentObject: {fileID: 0}
  m_PrefabInternal: {fileID: 0}
  m_GameObject: {fileID: 1122664203}
  m_LocalRotation: {x: -0, y: -0, z: -0, w: 1}
  m_LocalPosition: {x: 0, y: 0, z: 0}
  m_LocalScale: {x: 1, y: 1, z: 1}
  m_Children: []
  m_Father: {fileID: 506058748}
  m_RootOrder: 0
  m_LocalEulerAnglesHint: {x: 0, y: 0, z: 0}
  m_AnchorMin: {x: 0.5, y: 0.5}
  m_AnchorMax: {x: 0.5, y: 0.5}
  m_AnchoredPosition: {x: 1, y: 5}
  m_SizeDelta: {x: 50, y: 50}
  m_Pivot: {x: 0.5, y: 0.5}
--- !u!114 &1122664205
MonoBehaviour:
  m_ObjectHideFlags: 0
  m_PrefabParentObject: {fileID: 0}
  m_PrefabInternal: {fileID: 0}
  m_GameObject: {fileID: 1122664203}
  m_Enabled: 1
  m_EditorHideFlags: 0
  m_Script: {fileID: -765806418, guid: f70555f144d8491a825f0804e09c671c, type: 3}
  m_Name: 
  m_EditorClassIdentifier: 
  m_Material: {fileID: 0}
  m_Color: {r: 1, g: 1, b: 1, a: 1}
  m_RaycastTarget: 1
  m_OnCullStateChanged:
    m_PersistentCalls:
      m_Calls: []
    m_TypeName: UnityEngine.UI.MaskableGraphic+CullStateChangedEvent, UnityEngine.UI,
      Version=1.0.0.0, Culture=neutral, PublicKeyToken=null
  m_Sprite: {fileID: 21300000, guid: 2f4a47244a7bc7b4e9c73573c0431a40, type: 3}
  m_Type: 0
  m_PreserveAspect: 1
  m_FillCenter: 1
  m_FillMethod: 4
  m_FillAmount: 1
  m_FillClockwise: 1
  m_FillOrigin: 0
--- !u!222 &1122664206
CanvasRenderer:
  m_ObjectHideFlags: 0
  m_PrefabParentObject: {fileID: 0}
  m_PrefabInternal: {fileID: 0}
  m_GameObject: {fileID: 1122664203}
--- !u!1 &1215655568
GameObject:
  m_ObjectHideFlags: 0
  m_PrefabParentObject: {fileID: 0}
  m_PrefabInternal: {fileID: 0}
  serializedVersion: 5
  m_Component:
  - component: {fileID: 1215655569}
  - component: {fileID: 1215655570}
  m_Layer: 0
  m_Name: UIManagers
  m_TagString: Untagged
  m_Icon: {fileID: 0}
  m_NavMeshLayer: 0
  m_StaticEditorFlags: 0
  m_IsActive: 1
--- !u!4 &1215655569
Transform:
  m_ObjectHideFlags: 0
  m_PrefabParentObject: {fileID: 0}
  m_PrefabInternal: {fileID: 0}
  m_GameObject: {fileID: 1215655568}
  m_LocalRotation: {x: 0, y: 0, z: 0, w: 1}
  m_LocalPosition: {x: 0, y: 0, z: 0}
  m_LocalScale: {x: 1, y: 1, z: 1}
  m_Children: []
  m_Father: {fileID: 2092721145}
  m_RootOrder: 1
  m_LocalEulerAnglesHint: {x: 0, y: 0, z: 0}
--- !u!114 &1215655570
MonoBehaviour:
  m_ObjectHideFlags: 0
  m_PrefabParentObject: {fileID: 0}
  m_PrefabInternal: {fileID: 0}
  m_GameObject: {fileID: 1215655568}
  m_Enabled: 1
  m_EditorHideFlags: 0
  m_Script: {fileID: 11500000, guid: 260b4ea6020f2514f999a252fdc83ab0, type: 3}
  m_Name: 
  m_EditorClassIdentifier: 
  hearts: {fileID: 883321296}
  heartPrefab: {fileID: 1024755176867552, guid: 3c1e5984183215940aa74f02c625dd16,
    type: 2}
  empty: {fileID: 21300000, guid: 76f4aa4144a0e0446a33750a22e50f9c, type: 3}
  oneThird: {fileID: 21300002, guid: 76f4aa4144a0e0446a33750a22e50f9c, type: 3}
  twoThird: {fileID: 21300004, guid: 76f4aa4144a0e0446a33750a22e50f9c, type: 3}
  full: {fileID: 21300006, guid: 76f4aa4144a0e0446a33750a22e50f9c, type: 3}
--- !u!1 &1227807897
GameObject:
  m_ObjectHideFlags: 0
  m_PrefabParentObject: {fileID: 0}
  m_PrefabInternal: {fileID: 0}
  serializedVersion: 5
  m_Component:
  - component: {fileID: 1227807902}
  - component: {fileID: 1227807901}
  - component: {fileID: 1227807900}
  - component: {fileID: 1227807899}
  - component: {fileID: 1227807898}
  - component: {fileID: 1227807903}
  m_Layer: 0
  m_Name: Camera
  m_TagString: MainCamera
  m_Icon: {fileID: 0}
  m_NavMeshLayer: 0
  m_StaticEditorFlags: 0
  m_IsActive: 1
--- !u!81 &1227807898
AudioListener:
  m_ObjectHideFlags: 0
  m_PrefabParentObject: {fileID: 0}
  m_PrefabInternal: {fileID: 0}
  m_GameObject: {fileID: 1227807897}
  m_Enabled: 1
--- !u!92 &1227807899
Behaviour:
  m_ObjectHideFlags: 0
  m_PrefabParentObject: {fileID: 0}
  m_PrefabInternal: {fileID: 0}
  m_GameObject: {fileID: 1227807897}
  m_Enabled: 1
--- !u!124 &1227807900
Behaviour:
  m_ObjectHideFlags: 0
  m_PrefabParentObject: {fileID: 0}
  m_PrefabInternal: {fileID: 0}
  m_GameObject: {fileID: 1227807897}
  m_Enabled: 1
--- !u!20 &1227807901
Camera:
  m_ObjectHideFlags: 0
  m_PrefabParentObject: {fileID: 0}
  m_PrefabInternal: {fileID: 0}
  m_GameObject: {fileID: 1227807897}
  m_Enabled: 1
  serializedVersion: 2
  m_ClearFlags: 1
  m_BackGroundColor: {r: 0.19215687, g: 0.3019608, b: 0.4745098, a: 0}
  m_NormalizedViewPortRect:
    serializedVersion: 2
    x: 0
    y: 0
    width: 1
    height: 1
  near clip plane: 0.3
  far clip plane: 1000
  field of view: 60
  orthographic: 1
  orthographic size: 5
  m_Depth: 0
  m_CullingMask:
    serializedVersion: 2
    m_Bits: 4294967295
  m_RenderingPath: -1
  m_TargetTexture: {fileID: 0}
  m_TargetDisplay: 0
  m_TargetEye: 3
  m_HDR: 1
  m_AllowMSAA: 1
  m_ForceIntoRT: 0
  m_OcclusionCulling: 1
  m_StereoConvergence: 10
  m_StereoSeparation: 0.022
  m_StereoMirrorMode: 0
--- !u!4 &1227807902
Transform:
  m_ObjectHideFlags: 0
  m_PrefabParentObject: {fileID: 0}
  m_PrefabInternal: {fileID: 0}
  m_GameObject: {fileID: 1227807897}
  m_LocalRotation: {x: 0, y: 0, z: 0, w: 1}
  m_LocalPosition: {x: 0, y: 0, z: -10}
  m_LocalScale: {x: 1, y: 1, z: 1}
  m_Children: []
  m_Father: {fileID: 0}
  m_RootOrder: 0
  m_LocalEulerAnglesHint: {x: 0, y: 0, z: 0}
--- !u!114 &1227807903
MonoBehaviour:
  m_ObjectHideFlags: 0
  m_PrefabParentObject: {fileID: 0}
  m_PrefabInternal: {fileID: 0}
  m_GameObject: {fileID: 1227807897}
  m_Enabled: 1
  m_EditorHideFlags: 0
  m_Script: {fileID: 11500000, guid: de8908c466d37914f969f1ac139f489d, type: 3}
  m_Name: 
  m_EditorClassIdentifier: 
  target: {fileID: 0}
--- !u!1 &1633297575
GameObject:
  m_ObjectHideFlags: 0
  m_PrefabParentObject: {fileID: 0}
  m_PrefabInternal: {fileID: 0}
  serializedVersion: 5
  m_Component:
  - component: {fileID: 1633297576}
  - component: {fileID: 1633297578}
  - component: {fileID: 1633297577}
  m_Layer: 5
  m_Name: Item
  m_TagString: Untagged
  m_Icon: {fileID: 0}
  m_NavMeshLayer: 0
  m_StaticEditorFlags: 0
  m_IsActive: 1
--- !u!224 &1633297576
RectTransform:
  m_ObjectHideFlags: 0
  m_PrefabParentObject: {fileID: 0}
  m_PrefabInternal: {fileID: 0}
  m_GameObject: {fileID: 1633297575}
  m_LocalRotation: {x: 0, y: 0, z: 0, w: 1}
  m_LocalPosition: {x: 0, y: 0, z: 0}
  m_LocalScale: {x: 1, y: 1, z: 1}
  m_Children: []
  m_Father: {fileID: 1002508912}
  m_RootOrder: 0
  m_LocalEulerAnglesHint: {x: 0, y: 0, z: 0}
  m_AnchorMin: {x: 0.5, y: 0.5}
  m_AnchorMax: {x: 0.5, y: 0.5}
  m_AnchoredPosition: {x: 2.5, y: 2.5}
  m_SizeDelta: {x: 35, y: 35}
  m_Pivot: {x: 0.5, y: 0.5}
--- !u!114 &1633297577
MonoBehaviour:
  m_ObjectHideFlags: 0
  m_PrefabParentObject: {fileID: 0}
  m_PrefabInternal: {fileID: 0}
  m_GameObject: {fileID: 1633297575}
  m_Enabled: 1
  m_EditorHideFlags: 0
  m_Script: {fileID: -765806418, guid: f70555f144d8491a825f0804e09c671c, type: 3}
  m_Name: 
  m_EditorClassIdentifier: 
  m_Material: {fileID: 0}
  m_Color: {r: 1, g: 1, b: 1, a: 1}
  m_RaycastTarget: 1
  m_OnCullStateChanged:
    m_PersistentCalls:
      m_Calls: []
    m_TypeName: UnityEngine.UI.MaskableGraphic+CullStateChangedEvent, UnityEngine.UI,
      Version=1.0.0.0, Culture=neutral, PublicKeyToken=null
  m_Sprite: {fileID: 21300006, guid: 2f4a47244a7bc7b4e9c73573c0431a40, type: 3}
  m_Type: 0
  m_PreserveAspect: 1
  m_FillCenter: 1
  m_FillMethod: 4
  m_FillAmount: 1
  m_FillClockwise: 1
  m_FillOrigin: 0
--- !u!222 &1633297578
CanvasRenderer:
  m_ObjectHideFlags: 0
  m_PrefabParentObject: {fileID: 0}
  m_PrefabInternal: {fileID: 0}
  m_GameObject: {fileID: 1633297575}
--- !u!1 &1862878674
GameObject:
  m_ObjectHideFlags: 0
  m_PrefabParentObject: {fileID: 0}
  m_PrefabInternal: {fileID: 0}
  serializedVersion: 5
  m_Component:
  - component: {fileID: 1862878675}
  m_Layer: 0
  m_Name: Map
  m_TagString: Untagged
  m_Icon: {fileID: 0}
  m_NavMeshLayer: 0
  m_StaticEditorFlags: 0
  m_IsActive: 1
--- !u!4 &1862878675
Transform:
  m_ObjectHideFlags: 0
  m_PrefabParentObject: {fileID: 0}
  m_PrefabInternal: {fileID: 0}
  m_GameObject: {fileID: 1862878674}
  m_LocalRotation: {x: -0, y: -0, z: -0, w: 1}
  m_LocalPosition: {x: 0, y: 0, z: 0}
  m_LocalScale: {x: 1, y: 1, z: 1}
  m_Children: []
  m_Father: {fileID: 0}
  m_RootOrder: 3
  m_LocalEulerAnglesHint: {x: 0, y: 0, z: 0}
--- !u!1 &1877454842
GameObject:
  m_ObjectHideFlags: 0
  m_PrefabParentObject: {fileID: 0}
  m_PrefabInternal: {fileID: 0}
  serializedVersion: 5
  m_Component:
  - component: {fileID: 1877454846}
  - component: {fileID: 1877454845}
  - component: {fileID: 1877454844}
  - component: {fileID: 1877454843}
  m_Layer: 5
  m_Name: _UI
  m_TagString: Untagged
  m_Icon: {fileID: 0}
  m_NavMeshLayer: 0
  m_StaticEditorFlags: 0
  m_IsActive: 1
--- !u!114 &1877454843
MonoBehaviour:
  m_ObjectHideFlags: 0
  m_PrefabParentObject: {fileID: 0}
  m_PrefabInternal: {fileID: 0}
  m_GameObject: {fileID: 1877454842}
  m_Enabled: 1
  m_EditorHideFlags: 0
  m_Script: {fileID: 1301386320, guid: f70555f144d8491a825f0804e09c671c, type: 3}
  m_Name: 
  m_EditorClassIdentifier: 
  m_IgnoreReversedGraphics: 1
  m_BlockingObjects: 0
  m_BlockingMask:
    serializedVersion: 2
    m_Bits: 4294967295
--- !u!114 &1877454844
MonoBehaviour:
  m_ObjectHideFlags: 0
  m_PrefabParentObject: {fileID: 0}
  m_PrefabInternal: {fileID: 0}
  m_GameObject: {fileID: 1877454842}
  m_Enabled: 1
  m_EditorHideFlags: 0
  m_Script: {fileID: 1980459831, guid: f70555f144d8491a825f0804e09c671c, type: 3}
  m_Name: 
  m_EditorClassIdentifier: 
  m_UiScaleMode: 0
  m_ReferencePixelsPerUnit: 100
  m_ScaleFactor: 1
  m_ReferenceResolution: {x: 800, y: 600}
  m_ScreenMatchMode: 0
  m_MatchWidthOrHeight: 0
  m_PhysicalUnit: 3
  m_FallbackScreenDPI: 96
  m_DefaultSpriteDPI: 96
  m_DynamicPixelsPerUnit: 1
--- !u!223 &1877454845
Canvas:
  m_ObjectHideFlags: 0
  m_PrefabParentObject: {fileID: 0}
  m_PrefabInternal: {fileID: 0}
  m_GameObject: {fileID: 1877454842}
  m_Enabled: 1
  serializedVersion: 3
  m_RenderMode: 0
  m_Camera: {fileID: 0}
  m_PlaneDistance: 100
  m_PixelPerfect: 0
  m_ReceivesEvents: 1
  m_OverrideSorting: 0
  m_OverridePixelPerfect: 0
  m_SortingBucketNormalizedSize: 0
  m_AdditionalShaderChannelsFlag: 0
  m_SortingLayerID: 0
  m_SortingOrder: 0
  m_TargetDisplay: 0
--- !u!224 &1877454846
RectTransform:
  m_ObjectHideFlags: 0
  m_PrefabParentObject: {fileID: 0}
  m_PrefabInternal: {fileID: 0}
  m_GameObject: {fileID: 1877454842}
  m_LocalRotation: {x: 0, y: 0, z: 0, w: 1}
  m_LocalPosition: {x: 0, y: 0, z: 0}
  m_LocalScale: {x: 0, y: 0, z: 0}
  m_Children:
  - {fileID: 883321296}
  - {fileID: 1002508912}
  - {fileID: 596950775}
  - {fileID: 506058748}
  m_Father: {fileID: 0}
  m_RootOrder: 4
  m_LocalEulerAnglesHint: {x: 0, y: 0, z: 0}
  m_AnchorMin: {x: 0, y: 0}
  m_AnchorMax: {x: 0, y: 0}
  m_AnchoredPosition: {x: 0, y: 0}
  m_SizeDelta: {x: 0, y: 0}
  m_Pivot: {x: 0, y: 0}
--- !u!1 &2092721144
GameObject:
  m_ObjectHideFlags: 0
  m_PrefabParentObject: {fileID: 0}
  m_PrefabInternal: {fileID: 0}
  serializedVersion: 5
  m_Component:
  - component: {fileID: 2092721145}
  m_Layer: 0
  m_Name: Managers
  m_TagString: Untagged
  m_Icon: {fileID: 0}
  m_NavMeshLayer: 0
  m_StaticEditorFlags: 0
  m_IsActive: 1
--- !u!4 &2092721145
Transform:
  m_ObjectHideFlags: 0
  m_PrefabParentObject: {fileID: 0}
  m_PrefabInternal: {fileID: 0}
  m_GameObject: {fileID: 2092721144}
  m_LocalRotation: {x: 0, y: 0, z: 0, w: 1}
  m_LocalPosition: {x: 0, y: 0, z: 0}
  m_LocalScale: {x: 1, y: 1, z: 1}
  m_Children:
  - {fileID: 745668114}
  - {fileID: 1215655569}
  - {fileID: 594789043}
  m_Father: {fileID: 0}
  m_RootOrder: 2
  m_LocalEulerAnglesHint: {x: 0, y: 0, z: 0}
